@book{wolf,
  author = {Wolf, JÃ¼rgen},
  title = {{C von A bis Z: Das umfassende Handbuch}},
  year = {n.d.},
  edition = {3rd},
  chapter = {9.21},
  publisher = {Rheinwerk Computing},
  isbn = {978-3-8362-1411-7}
}
@misc{eppstein,
  author = {Eppstein, David},
  title = {{Z-Kurve}},
  year = {2008},
  month = jul,
  howpublished = {Wikipedia},
  note = {\url{https://de.wikipedia.org/wiki/Datei:Four-level_Z.svg}, visited 2023-07-14}
}
@misc{nomen4omen,
  author = {Nomen4Omen},
  title = {{Z-Kurve}},
  year = {2022},
  month = apr,
  howpublished = {Wikipedia},
  note = {\url{https://de.wikipedia.org/wiki/Datei:Zcurve45bits.png}, visited 2023-07-14}
}
@misc{morton-codes,
  author = {Giesen, Fabian 'ryg'},
  title = {Decoding Morton Codes},
  year = {2009},
  note = {\url{https://fgiesen.wordpress.com/2009/12/13/decoding-morton-codes/}, visited 2023-07-12}
}
